%YAML 1.1
%TAG !u! tag:unity3d.com,2011:
--- !u!29 &1
SceneSettings:
  m_ObjectHideFlags: 0
  m_PVSData: 
  m_PVSObjectsArray: []
  m_PVSPortalsArray: []
  m_OcclusionBakeSettings:
    smallestOccluder: 5
    smallestHole: .25
    backfaceThreshold: 100
--- !u!104 &2
RenderSettings:
  m_Fog: 0
  m_FogColor: {r: .5, g: .5, b: .5, a: 1}
  m_FogMode: 3
  m_FogDensity: .00999999978
  m_LinearFogStart: 0
  m_LinearFogEnd: 300
  m_AmbientLight: {r: .200000003, g: .200000003, b: .200000003, a: 1}
  m_SkyboxMaterial: {fileID: 0}
  m_HaloStrength: .5
  m_FlareStrength: 1
  m_FlareFadeSpeed: 3
  m_HaloTexture: {fileID: 0}
  m_SpotCookie: {fileID: 0}
  m_ObjectHideFlags: 0
--- !u!127 &3
LevelGameManager:
  m_ObjectHideFlags: 0
--- !u!157 &4
LightmapSettings:
  m_ObjectHideFlags: 0
  m_LightProbes: {fileID: 0}
  m_Lightmaps: []
  m_LightmapsMode: 1
  m_BakedColorSpace: 0
  m_UseDualLightmapsInForward: 0
  m_LightmapEditorSettings:
    m_Resolution: 50
    m_LastUsedResolution: 0
    m_TextureWidth: 1024
    m_TextureHeight: 1024
    m_BounceBoost: 1
    m_BounceIntensity: 1
    m_SkyLightColor: {r: .860000014, g: .930000007, b: 1, a: 1}
    m_SkyLightIntensity: 0
    m_Quality: 0
    m_Bounces: 1
    m_FinalGatherRays: 1000
    m_FinalGatherContrastThreshold: .0500000007
    m_FinalGatherGradientThreshold: 0
    m_FinalGatherInterpolationPoints: 15
    m_AOAmount: 0
    m_AOMaxDistance: .100000001
    m_AOContrast: 1
    m_LODSurfaceMappingDistance: 1
    m_Padding: 0
    m_TextureCompression: 0
    m_LockAtlas: 0
--- !u!196 &5
NavMeshSettings:
  m_ObjectHideFlags: 0
  m_BuildSettings:
    agentRadius: .5
    agentHeight: 2
    agentSlope: 45
    agentClimb: .400000006
    ledgeDropHeight: 0
    maxJumpAcrossDistance: 0
    accuratePlacement: 0
    minRegionArea: 2
    widthInaccuracy: 16.666666
    heightInaccuracy: 10
  m_NavMesh: {fileID: 0}
--- !u!1 &14325660
GameObject:
  m_ObjectHideFlags: 0
  m_PrefabParentObject: {fileID: 100000, guid: fd20e9a55edcc49d3aa1eff2b3ae5905, type: 2}
  m_PrefabInternal: {fileID: 1253097189}
  serializedVersion: 4
  m_Component:
  - 4: {fileID: 14325663}
  - 212: {fileID: 14325662}
  - 61: {fileID: 14325661}
  m_Layer: 9
  m_Name: Platform2
  m_TagString: Untagged
  m_Icon: {fileID: 0}
  m_NavMeshLayer: 0
  m_StaticEditorFlags: 0
  m_IsActive: 1
--- !u!61 &14325661
BoxCollider2D:
  m_ObjectHideFlags: 0
  m_PrefabParentObject: {fileID: 6100000, guid: fd20e9a55edcc49d3aa1eff2b3ae5905,
    type: 2}
  m_PrefabInternal: {fileID: 1253097189}
  m_GameObject: {fileID: 14325660}
  m_Enabled: 1
  m_Material: {fileID: 0}
  m_IsTrigger: 0
  m_Size: {x: 8.02999973, y: .0500000007}
  m_Center: {x: 0, y: 1.79999995}
--- !u!212 &14325662
SpriteRenderer:
  m_ObjectHideFlags: 0
  m_PrefabParentObject: {fileID: 21200000, guid: fd20e9a55edcc49d3aa1eff2b3ae5905,
    type: 2}
  m_PrefabInternal: {fileID: 1253097189}
  m_GameObject: {fileID: 14325660}
  m_Enabled: 1
  m_CastShadows: 0
  m_ReceiveShadows: 0
  m_LightmapIndex: 255
  m_LightmapTilingOffset: {x: 1, y: 1, z: 0, w: 0}
  m_Materials:
  - {fileID: 10754, guid: 0000000000000000e000000000000000, type: 0}
  m_SubsetIndices: 
  m_StaticBatchRoot: {fileID: 0}
  m_UseLightProbes: 0
  m_LightProbeAnchor: {fileID: 0}
  m_ScaleInLightmap: 1
  m_SortingLayerID: 0
  m_SortingOrder: 0
  m_Sprite: {fileID: 21300002, guid: a3219585bc6764f69b3f5e608646c0b3, type: 3}
  m_Color: {r: 1, g: 1, b: 1, a: 1}
--- !u!4 &14325663
Transform:
  m_ObjectHideFlags: 0
  m_PrefabParentObject: {fileID: 400000, guid: fd20e9a55edcc49d3aa1eff2b3ae5905, type: 2}
  m_PrefabInternal: {fileID: 1253097189}
  m_GameObject: {fileID: 14325660}
  m_LocalRotation: {x: 0, y: 0, z: 0, w: 1}
  m_LocalPosition: {x: -2.93245554, y: -13.9158287, z: 0}
  m_LocalScale: {x: 1.3116101, y: 1.31161034, z: 1}
  m_Children: []
  m_Father: {fileID: 914894678}
  m_RootOrder: 7
--- !u!1 &26936120
GameObject:
  m_ObjectHideFlags: 0
  m_PrefabParentObject: {fileID: 100002, guid: fd20e9a55edcc49d3aa1eff2b3ae5905, type: 2}
  m_PrefabInternal: {fileID: 1253097189}
  serializedVersion: 4
  m_Component:
  - 4: {fileID: 26936123}
  - 212: {fileID: 26936122}
  - 61: {fileID: 26936121}
  m_Layer: 9
  m_Name: Platform2
  m_TagString: Untagged
  m_Icon: {fileID: 0}
  m_NavMeshLayer: 0
  m_StaticEditorFlags: 0
  m_IsActive: 1
--- !u!61 &26936121
BoxCollider2D:
  m_ObjectHideFlags: 0
  m_PrefabParentObject: {fileID: 6100002, guid: fd20e9a55edcc49d3aa1eff2b3ae5905,
    type: 2}
  m_PrefabInternal: {fileID: 1253097189}
  m_GameObject: {fileID: 26936120}
  m_Enabled: 1
  m_Material: {fileID: 0}
  m_IsTrigger: 0
  m_Size: {x: 8.02999973, y: .0599999987}
  m_Center: {x: 0, y: 1.79999995}
--- !u!212 &26936122
SpriteRenderer:
  m_ObjectHideFlags: 0
  m_PrefabParentObject: {fileID: 21200002, guid: fd20e9a55edcc49d3aa1eff2b3ae5905,
    type: 2}
  m_PrefabInternal: {fileID: 1253097189}
  m_GameObject: {fileID: 26936120}
  m_Enabled: 1
  m_CastShadows: 0
  m_ReceiveShadows: 0
  m_LightmapIndex: 255
  m_LightmapTilingOffset: {x: 1, y: 1, z: 0, w: 0}
  m_Materials:
  - {fileID: 10754, guid: 0000000000000000e000000000000000, type: 0}
  m_SubsetIndices: 
  m_StaticBatchRoot: {fileID: 0}
  m_UseLightProbes: 0
  m_LightProbeAnchor: {fileID: 0}
  m_ScaleInLightmap: 1
  m_SortingLayerID: 0
  m_SortingOrder: 0
  m_Sprite: {fileID: 21300002, guid: a3219585bc6764f69b3f5e608646c0b3, type: 3}
  m_Color: {r: 1, g: 1, b: 1, a: 1}
--- !u!4 &26936123
Transform:
  m_ObjectHideFlags: 0
  m_PrefabParentObject: {fileID: 400002, guid: fd20e9a55edcc49d3aa1eff2b3ae5905, type: 2}
  m_PrefabInternal: {fileID: 1253097189}
  m_GameObject: {fileID: 26936120}
  m_LocalRotation: {x: 0, y: 0, z: 0, w: 1}
  m_LocalPosition: {x: -3.67585874, y: -4.11815357, z: 0}
  m_LocalScale: {x: 1, y: 1, z: 1}
  m_Children: []
  m_Father: {fileID: 914894678}
  m_RootOrder: 5
--- !u!1 &292191350
GameObject:
  m_ObjectHideFlags: 0
  m_PrefabParentObject: {fileID: 100006, guid: fd20e9a55edcc49d3aa1eff2b3ae5905, type: 2}
  m_PrefabInternal: {fileID: 1253097189}
  serializedVersion: 4
  m_Component:
  - 4: {fileID: 292191351}
  - 212: {fileID: 292191352}
  m_Layer: 0
  m_Name: Background1
  m_TagString: Untagged
  m_Icon: {fileID: 0}
  m_NavMeshLayer: 0
  m_StaticEditorFlags: 0
  m_IsActive: 1
--- !u!4 &292191351
Transform:
  m_ObjectHideFlags: 0
  m_PrefabParentObject: {fileID: 400006, guid: fd20e9a55edcc49d3aa1eff2b3ae5905, type: 2}
  m_PrefabInternal: {fileID: 1253097189}
  m_GameObject: {fileID: 292191350}
  m_LocalRotation: {x: 0, y: 0, z: 0, w: 1}
  m_LocalPosition: {x: 38.6561966, y: -4.58393812, z: 0}
  m_LocalScale: {x: 2, y: 2, z: 1}
  m_Children: []
  m_Father: {fileID: 492008078}
  m_RootOrder: 1
--- !u!212 &292191352
SpriteRenderer:
  m_ObjectHideFlags: 0
  m_PrefabParentObject: {fileID: 21200006, guid: fd20e9a55edcc49d3aa1eff2b3ae5905,
    type: 2}
  m_PrefabInternal: {fileID: 1253097189}
  m_GameObject: {fileID: 292191350}
  m_Enabled: 1
  m_CastShadows: 0
  m_ReceiveShadows: 0
  m_LightmapIndex: 255
  m_LightmapTilingOffset: {x: 1, y: 1, z: 0, w: 0}
  m_Materials:
  - {fileID: 10754, guid: 0000000000000000e000000000000000, type: 0}
  m_SubsetIndices: 
  m_StaticBatchRoot: {fileID: 0}
  m_UseLightProbes: 0
  m_LightProbeAnchor: {fileID: 0}
  m_ScaleInLightmap: 1
  m_SortingLayerID: 0
  m_SortingOrder: 0
  m_Sprite: {fileID: 21300000, guid: e3f5073890faa4485a2c987a80c8c279, type: 3}
  m_Color: {r: 1, g: 1, b: 1, a: 1}
--- !u!1 &356769766
GameObject:
  m_ObjectHideFlags: 0
  m_PrefabParentObject: {fileID: 100008, guid: fd20e9a55edcc49d3aa1eff2b3ae5905, type: 2}
  m_PrefabInternal: {fileID: 1253097189}
  serializedVersion: 4
  m_Component:
  - 4: {fileID: 356769767}
  - 212: {fileID: 356769768}
  m_Layer: 0
  m_Name: Background1
  m_TagString: Untagged
  m_Icon: {fileID: 0}
  m_NavMeshLayer: 0
  m_StaticEditorFlags: 0
  m_IsActive: 1
--- !u!4 &356769767
Transform:
  m_ObjectHideFlags: 0
  m_PrefabParentObject: {fileID: 400008, guid: fd20e9a55edcc49d3aa1eff2b3ae5905, type: 2}
  m_PrefabInternal: {fileID: 1253097189}
  m_GameObject: {fileID: 356769766}
  m_LocalRotation: {x: 0, y: 0, z: 0, w: 1}
  m_LocalPosition: {x: -2.11236954, y: -4.58393955, z: 0}
  m_LocalScale: {x: 2, y: 2, z: 1}
  m_Children: []
  m_Father: {fileID: 492008078}
  m_RootOrder: 0
--- !u!212 &356769768
SpriteRenderer:
  m_ObjectHideFlags: 0
  m_PrefabParentObject: {fileID: 21200008, guid: fd20e9a55edcc49d3aa1eff2b3ae5905,
    type: 2}
  m_PrefabInternal: {fileID: 1253097189}
  m_GameObject: {fileID: 356769766}
  m_Enabled: 1
  m_CastShadows: 0
  m_ReceiveShadows: 0
  m_LightmapIndex: 255
  m_LightmapTilingOffset: {x: 1, y: 1, z: 0, w: 0}
  m_Materials:
  - {fileID: 10754, guid: 0000000000000000e000000000000000, type: 0}
  m_SubsetIndices: 
  m_StaticBatchRoot: {fileID: 0}
  m_UseLightProbes: 0
  m_LightProbeAnchor: {fileID: 0}
  m_ScaleInLightmap: 1
  m_SortingLayerID: 0
  m_SortingOrder: 0
  m_Sprite: {fileID: 21300000, guid: e3f5073890faa4485a2c987a80c8c279, type: 3}
  m_Color: {r: 1, g: 1, b: 1, a: 1}
--- !u!1 &425307016
GameObject:
  m_ObjectHideFlags: 0
  m_PrefabParentObject: {fileID: 100010, guid: fd20e9a55edcc49d3aa1eff2b3ae5905, type: 2}
  m_PrefabInternal: {fileID: 1253097189}
  serializedVersion: 4
  m_Component:
  - 4: {fileID: 425307019}
  - 212: {fileID: 425307018}
  - 61: {fileID: 425307017}
  m_Layer: 9
  m_Name: Platform1
  m_TagString: Untagged
  m_Icon: {fileID: 0}
  m_NavMeshLayer: 0
  m_StaticEditorFlags: 0
  m_IsActive: 1
--- !u!61 &425307017
BoxCollider2D:
  m_ObjectHideFlags: 0
  m_PrefabParentObject: {fileID: 6100006, guid: fd20e9a55edcc49d3aa1eff2b3ae5905,
    type: 2}
  m_PrefabInternal: {fileID: 1253097189}
  m_GameObject: {fileID: 425307016}
  m_Enabled: 1
  m_Material: {fileID: 0}
  m_IsTrigger: 0
  m_Size: {x: 8.56999969, y: .0500000007}
  m_Center: {x: .300000012, y: 1.19000006}
--- !u!212 &425307018
SpriteRenderer:
  m_ObjectHideFlags: 0
  m_PrefabParentObject: {fileID: 21200010, guid: fd20e9a55edcc49d3aa1eff2b3ae5905,
    type: 2}
  m_PrefabInternal: {fileID: 1253097189}
  m_GameObject: {fileID: 425307016}
  m_Enabled: 1
  m_CastShadows: 0
  m_ReceiveShadows: 0
  m_LightmapIndex: 255
  m_LightmapTilingOffset: {x: 1, y: 1, z: 0, w: 0}
  m_Materials:
  - {fileID: 10754, guid: 0000000000000000e000000000000000, type: 0}
  m_SubsetIndices: 
  m_StaticBatchRoot: {fileID: 0}
  m_UseLightProbes: 0
  m_LightProbeAnchor: {fileID: 0}
  m_ScaleInLightmap: 1
  m_SortingLayerID: 0
  m_SortingOrder: 0
  m_Sprite: {fileID: 21300000, guid: a3219585bc6764f69b3f5e608646c0b3, type: 3}
  m_Color: {r: 1, g: 1, b: 1, a: 1}
--- !u!4 &425307019
Transform:
  m_ObjectHideFlags: 0
  m_PrefabParentObject: {fileID: 400010, guid: fd20e9a55edcc49d3aa1eff2b3ae5905, type: 2}
  m_PrefabInternal: {fileID: 1253097189}
  m_GameObject: {fileID: 425307016}
  m_LocalRotation: {x: 0, y: 0, z: 0, w: 1}
  m_LocalPosition: {x: -4.14953375, y: 4.46310616, z: 0}
  m_LocalScale: {x: 1, y: 1, z: 1}
  m_Children: []
  m_Father: {fileID: 914894678}
  m_RootOrder: 11
--- !u!1 &492008077
GameObject:
  m_ObjectHideFlags: 0
  m_PrefabParentObject: {fileID: 100012, guid: fd20e9a55edcc49d3aa1eff2b3ae5905, type: 2}
  m_PrefabInternal: {fileID: 1253097189}
  serializedVersion: 4
  m_Component:
  - 4: {fileID: 492008078}
  - 114: {fileID: 492008079}
  m_Layer: 0
  m_Name: Background
  m_TagString: Untagged
  m_Icon: {fileID: 0}
  m_NavMeshLayer: 0
  m_StaticEditorFlags: 0
  m_IsActive: 1
--- !u!4 &492008078
Transform:
  m_ObjectHideFlags: 0
  m_PrefabParentObject: {fileID: 400012, guid: fd20e9a55edcc49d3aa1eff2b3ae5905, type: 2}
  m_PrefabInternal: {fileID: 1253097189}
  m_GameObject: {fileID: 492008077}
  m_LocalRotation: {x: 0, y: 0, z: 0, w: 1}
  m_LocalPosition: {x: 0, y: 0, z: 10}
  m_LocalScale: {x: 1, y: 1, z: 1}
  m_Children:
  - {fileID: 356769767}
  - {fileID: 292191351}
  m_Father: {fileID: 1099246743}
  m_RootOrder: 1
--- !u!114 &492008079
MonoBehaviour:
  m_ObjectHideFlags: 0
  m_PrefabParentObject: {fileID: 11400006, guid: fd20e9a55edcc49d3aa1eff2b3ae5905,
    type: 2}
  m_PrefabInternal: {fileID: 1253097189}
  m_GameObject: {fileID: 492008077}
  m_Enabled: 0
  m_EditorHideFlags: 0
  m_Script: {fileID: 11500000, guid: f88cb4f4c564441c0b29f1a926d45488, type: 3}
  m_Name: 
  m_EditorClassIdentifier: 
  speed: {x: 1, y: 1}
  direction: {x: -1, y: 0}
  isLinkedToCamera: 0
  isLooping: 1
  backgroundPart: []
--- !u!1 &711465280
GameObject:
  m_ObjectHideFlags: 0
  m_PrefabParentObject: {fileID: 100014, guid: fd20e9a55edcc49d3aa1eff2b3ae5905, type: 2}
  m_PrefabInternal: {fileID: 1253097189}
  serializedVersion: 4
  m_Component:
  - 4: {fileID: 711465283}
  - 212: {fileID: 711465282}
  - 61: {fileID: 711465281}
  m_Layer: 9
  m_Name: Platform1
  m_TagString: Untagged
  m_Icon: {fileID: 0}
  m_NavMeshLayer: 0
  m_StaticEditorFlags: 0
  m_IsActive: 1
--- !u!61 &711465281
BoxCollider2D:
  m_ObjectHideFlags: 0
  m_PrefabParentObject: {fileID: 6100008, guid: fd20e9a55edcc49d3aa1eff2b3ae5905,
    type: 2}
  m_PrefabInternal: {fileID: 1253097189}
  m_GameObject: {fileID: 711465280}
  m_Enabled: 1
  m_Material: {fileID: 0}
  m_IsTrigger: 0
  m_Size: {x: 8.81000042, y: .0500000007}
  m_Center: {x: .300000012, y: 1.19000006}
--- !u!212 &711465282
SpriteRenderer:
  m_ObjectHideFlags: 0
  m_PrefabParentObject: {fileID: 21200012, guid: fd20e9a55edcc49d3aa1eff2b3ae5905,
    type: 2}
  m_PrefabInternal: {fileID: 1253097189}
  m_GameObject: {fileID: 711465280}
  m_Enabled: 1
  m_CastShadows: 0
  m_ReceiveShadows: 0
  m_LightmapIndex: 255
  m_LightmapTilingOffset: {x: 1, y: 1, z: 0, w: 0}
  m_Materials:
  - {fileID: 10754, guid: 0000000000000000e000000000000000, type: 0}
  m_SubsetIndices: 
  m_StaticBatchRoot: {fileID: 0}
  m_UseLightProbes: 0
  m_LightProbeAnchor: {fileID: 0}
  m_ScaleInLightmap: 1
  m_SortingLayerID: 0
  m_SortingOrder: 0
  m_Sprite: {fileID: 21300000, guid: a3219585bc6764f69b3f5e608646c0b3, type: 3}
  m_Color: {r: 1, g: 1, b: 1, a: 1}
--- !u!4 &711465283
Transform:
  m_ObjectHideFlags: 0
  m_PrefabParentObject: {fileID: 400014, guid: fd20e9a55edcc49d3aa1eff2b3ae5905, type: 2}
  m_PrefabInternal: {fileID: 1253097189}
  m_GameObject: {fileID: 711465280}
  m_LocalRotation: {x: 0, y: 0, z: 0, w: 1}
  m_LocalPosition: {x: 19.2729416, y: -14.3502684, z: 0}
  m_LocalScale: {x: 1.94670355, y: 1.9467063, z: 1}
  m_Children: []
  m_Father: {fileID: 914894678}
  m_RootOrder: 4
--- !u!1 &809111803
GameObject:
  m_ObjectHideFlags: 0
  m_PrefabParentObject: {fileID: 100016, guid: fd20e9a55edcc49d3aa1eff2b3ae5905, type: 2}
  m_PrefabInternal: {fileID: 1253097189}
  serializedVersion: 4
  m_Component:
  - 4: {fileID: 809111804}
  - 114: {fileID: 809111805}
  m_Layer: 0
  m_Name: Foreground
  m_TagString: Untagged
  m_Icon: {fileID: 0}
  m_NavMeshLayer: 0
  m_StaticEditorFlags: 0
  m_IsActive: 1
--- !u!4 &809111804
Transform:
  m_ObjectHideFlags: 0
  m_PrefabParentObject: {fileID: 400016, guid: fd20e9a55edcc49d3aa1eff2b3ae5905, type: 2}
  m_PrefabInternal: {fileID: 1253097189}
  m_GameObject: {fileID: 809111803}
  m_LocalRotation: {x: 0, y: 0, z: 0, w: 1}
  m_LocalPosition: {x: 0, y: 0, z: 0}
  m_LocalScale: {x: 1, y: 1, z: 1}
  m_Children:
  - {fileID: 1636733413}
  - {fileID: 1849494741}
  - {fileID: 1112279715}
  - {fileID: 1440222234}
  m_Father: {fileID: 1099246743}
  m_RootOrder: 0
--- !u!114 &809111805
MonoBehaviour:
  m_ObjectHideFlags: 0
  m_PrefabParentObject: {fileID: 11400008, guid: fd20e9a55edcc49d3aa1eff2b3ae5905,
    type: 2}
  m_PrefabInternal: {fileID: 1253097189}
  m_GameObject: {fileID: 809111803}
  m_Enabled: 0
  m_EditorHideFlags: 0
  m_Script: {fileID: 11500000, guid: f88cb4f4c564441c0b29f1a926d45488, type: 3}
  m_Name: 
  m_EditorClassIdentifier: 
  speed: {x: 1, y: 1}
  direction: {x: 1, y: 0}
  isLinkedToCamera: 1
  isLooping: 0
  backgroundPart: []
--- !u!1 &875010036
GameObject:
  m_ObjectHideFlags: 0
  m_PrefabParentObject: {fileID: 100018, guid: fd20e9a55edcc49d3aa1eff2b3ae5905, type: 2}
  m_PrefabInternal: {fileID: 1253097189}
  serializedVersion: 4
  m_Component:
  - 4: {fileID: 875010037}
  - 212: {fileID: 875010038}
  - 61: {fileID: 875010039}
  m_Layer: 9
  m_Name: Platform2
  m_TagString: Untagged
  m_Icon: {fileID: 0}
  m_NavMeshLayer: 0
  m_StaticEditorFlags: 0
  m_IsActive: 1
--- !u!4 &875010037
Transform:
  m_ObjectHideFlags: 0
  m_PrefabParentObject: {fileID: 400018, guid: fd20e9a55edcc49d3aa1eff2b3ae5905, type: 2}
  m_PrefabInternal: {fileID: 1253097189}
  m_GameObject: {fileID: 875010036}
  m_LocalRotation: {x: 0, y: 0, z: 0, w: 1}
  m_LocalPosition: {x: 31.4823647, y: -6.04498672, z: 0}
  m_LocalScale: {x: 1, y: 1, z: 1}
  m_Children: []
  m_Father: {fileID: 914894678}
  m_RootOrder: 2
--- !u!212 &875010038
SpriteRenderer:
  m_ObjectHideFlags: 0
  m_PrefabParentObject: {fileID: 21200014, guid: fd20e9a55edcc49d3aa1eff2b3ae5905,
    type: 2}
  m_PrefabInternal: {fileID: 1253097189}
  m_GameObject: {fileID: 875010036}
  m_Enabled: 1
  m_CastShadows: 0
  m_ReceiveShadows: 0
  m_LightmapIndex: 255
  m_LightmapTilingOffset: {x: 1, y: 1, z: 0, w: 0}
  m_Materials:
  - {fileID: 10754, guid: 0000000000000000e000000000000000, type: 0}
  m_SubsetIndices: 
  m_StaticBatchRoot: {fileID: 0}
  m_UseLightProbes: 0
  m_LightProbeAnchor: {fileID: 0}
  m_ScaleInLightmap: 1
  m_SortingLayerID: 0
  m_SortingOrder: 0
  m_Sprite: {fileID: 21300002, guid: a3219585bc6764f69b3f5e608646c0b3, type: 3}
  m_Color: {r: 1, g: 1, b: 1, a: 1}
--- !u!61 &875010039
BoxCollider2D:
  m_ObjectHideFlags: 0
  m_PrefabParentObject: {fileID: 6100010, guid: fd20e9a55edcc49d3aa1eff2b3ae5905,
    type: 2}
  m_PrefabInternal: {fileID: 1253097189}
  m_GameObject: {fileID: 875010036}
  m_Enabled: 1
  m_Material: {fileID: 0}
  m_IsTrigger: 0
  m_Size: {x: 8.02999973, y: .0599999987}
  m_Center: {x: 0, y: 1.79999995}
--- !u!1 &902205835
GameObject:
  m_ObjectHideFlags: 0
  m_PrefabParentObject: {fileID: 100020, guid: fd20e9a55edcc49d3aa1eff2b3ae5905, type: 2}
  m_PrefabInternal: {fileID: 1253097189}
  serializedVersion: 4
  m_Component:
  - 4: {fileID: 902205836}
  - 212: {fileID: 902205838}
  - 61: {fileID: 902205837}
  m_Layer: 9
  m_Name: Platform2
  m_TagString: Untagged
  m_Icon: {fileID: 0}
  m_NavMeshLayer: 0
  m_StaticEditorFlags: 0
  m_IsActive: 1
--- !u!4 &902205836
Transform:
  m_ObjectHideFlags: 0
  m_PrefabParentObject: {fileID: 400020, guid: fd20e9a55edcc49d3aa1eff2b3ae5905, type: 2}
  m_PrefabInternal: {fileID: 1253097189}
  m_GameObject: {fileID: 902205835}
  m_LocalRotation: {x: 0, y: 0, z: 0, w: 1}
  m_LocalPosition: {x: 7.99368858, y: -.494465888, z: 0}
  m_LocalScale: {x: 1.2255826, y: 1.22558284, z: 1}
  m_Children: []
  m_Father: {fileID: 914894678}
  m_RootOrder: 8
--- !u!61 &902205837
BoxCollider2D:
  m_ObjectHideFlags: 0
  m_PrefabParentObject: {fileID: 6100012, guid: fd20e9a55edcc49d3aa1eff2b3ae5905,
    type: 2}
  m_PrefabInternal: {fileID: 1253097189}
  m_GameObject: {fileID: 902205835}
  m_Enabled: 1
  m_Material: {fileID: 0}
  m_IsTrigger: 0
  m_Size: {x: 8.02999973, y: .0500000007}
  m_Center: {x: 0, y: 2.01999998}
--- !u!212 &902205838
SpriteRenderer:
  m_ObjectHideFlags: 0
  m_PrefabParentObject: {fileID: 21200016, guid: fd20e9a55edcc49d3aa1eff2b3ae5905,
    type: 2}
  m_PrefabInternal: {fileID: 1253097189}
  m_GameObject: {fileID: 902205835}
  m_Enabled: 1
  m_CastShadows: 0
  m_ReceiveShadows: 0
  m_LightmapIndex: 255
  m_LightmapTilingOffset: {x: 1, y: 1, z: 0, w: 0}
  m_Materials:
  - {fileID: 10754, guid: 0000000000000000e000000000000000, type: 0}
  m_SubsetIndices: 
  m_StaticBatchRoot: {fileID: 0}
  m_UseLightProbes: 0
  m_LightProbeAnchor: {fileID: 0}
  m_ScaleInLightmap: 1
  m_SortingLayerID: 0
  m_SortingOrder: 0
  m_Sprite: {fileID: 21300002, guid: a3219585bc6764f69b3f5e608646c0b3, type: 3}
  m_Color: {r: 1, g: 1, b: 1, a: 1}
--- !u!1 &914894677
GameObject:
  m_ObjectHideFlags: 0
  m_PrefabParentObject: {fileID: 100022, guid: fd20e9a55edcc49d3aa1eff2b3ae5905, type: 2}
  m_PrefabInternal: {fileID: 1253097189}
  serializedVersion: 4
  m_Component:
  - 4: {fileID: 914894678}
  - 114: {fileID: 914894679}
  m_Layer: 0
  m_Name: Middleground
  m_TagString: Untagged
  m_Icon: {fileID: 0}
  m_NavMeshLayer: 0
  m_StaticEditorFlags: 0
  m_IsActive: 1
--- !u!4 &914894678
Transform:
  m_ObjectHideFlags: 0
  m_PrefabParentObject: {fileID: 400022, guid: fd20e9a55edcc49d3aa1eff2b3ae5905, type: 2}
  m_PrefabInternal: {fileID: 1253097189}
  m_GameObject: {fileID: 914894677}
  m_LocalRotation: {x: 0, y: 0, z: 0, w: 1}
  m_LocalPosition: {x: 0, y: 0, z: 5}
  m_LocalScale: {x: 1, y: 1, z: 1}
  m_Children:
  - {fileID: 1006543038}
  - {fileID: 1750960257}
  - {fileID: 875010037}
  - {fileID: 1338082921}
  - {fileID: 711465283}
  - {fileID: 26936123}
  - {fileID: 1883776220}
  - {fileID: 14325663}
  - {fileID: 902205836}
  - {fileID: 1145269114}
  - {fileID: 2063482531}
  - {fileID: 425307019}
  m_Father: {fileID: 1099246743}
  m_RootOrder: 2
--- !u!114 &914894679
MonoBehaviour:
  m_ObjectHideFlags: 0
  m_PrefabParentObject: {fileID: 11400010, guid: fd20e9a55edcc49d3aa1eff2b3ae5905,
    type: 2}
  m_PrefabInternal: {fileID: 1253097189}
  m_GameObject: {fileID: 914894677}
  m_Enabled: 0
  m_EditorHideFlags: 0
  m_Script: {fileID: 11500000, guid: f88cb4f4c564441c0b29f1a926d45488, type: 3}
  m_Name: 
  m_EditorClassIdentifier: 
  speed: {x: 2.5, y: 2.5}
  direction: {x: -1, y: 0}
  isLinkedToCamera: 0
  isLooping: 0
  backgroundPart: []
--- !u!1 &917831793
GameObject:
  m_ObjectHideFlags: 0
  m_PrefabParentObject: {fileID: 0}
  m_PrefabInternal: {fileID: 0}
  serializedVersion: 4
  m_Component:
  - 4: {fileID: 917831794}
  m_Layer: 0
  m_Name: Render
  m_TagString: Untagged
  m_Icon: {fileID: 0}
  m_NavMeshLayer: 0
  m_StaticEditorFlags: 0
  m_IsActive: 1
--- !u!4 &917831794
Transform:
  m_ObjectHideFlags: 0
  m_PrefabParentObject: {fileID: 0}
  m_PrefabInternal: {fileID: 0}
  m_GameObject: {fileID: 917831793}
  m_LocalRotation: {x: 0, y: 0, z: 0, w: 1}
  m_LocalPosition: {x: 0, y: 0, z: 0}
  m_LocalScale: {x: 1, y: 1, z: 1}
  m_Children:
  - {fileID: 1553729066}
  m_Father: {fileID: 0}
  m_RootOrder: 1
--- !u!1 &1006543037
GameObject:
  m_ObjectHideFlags: 0
  m_PrefabParentObject: {fileID: 100024, guid: fd20e9a55edcc49d3aa1eff2b3ae5905, type: 2}
  m_PrefabInternal: {fileID: 1253097189}
  serializedVersion: 4
  m_Component:
  - 4: {fileID: 1006543038}
  - 212: {fileID: 1006543039}
  - 61: {fileID: 1006543040}
  m_Layer: 9
  m_Name: Platform1
  m_TagString: Untagged
  m_Icon: {fileID: 0}
  m_NavMeshLayer: 0
  m_StaticEditorFlags: 0
  m_IsActive: 1
--- !u!4 &1006543038
Transform:
  m_ObjectHideFlags: 0
  m_PrefabParentObject: {fileID: 400024, guid: fd20e9a55edcc49d3aa1eff2b3ae5905, type: 2}
  m_PrefabInternal: {fileID: 1253097189}
  m_GameObject: {fileID: 1006543037}
  m_LocalRotation: {x: 0, y: 0, z: 0, w: 1}
  m_LocalPosition: {x: 44.2818069, y: -8.49512291, z: 0}
  m_LocalScale: {x: 1, y: 1, z: 1}
  m_Children: []
  m_Father: {fileID: 914894678}
  m_RootOrder: 0
--- !u!212 &1006543039
SpriteRenderer:
  m_ObjectHideFlags: 0
  m_PrefabParentObject: {fileID: 21200018, guid: fd20e9a55edcc49d3aa1eff2b3ae5905,
    type: 2}
  m_PrefabInternal: {fileID: 1253097189}
  m_GameObject: {fileID: 1006543037}
  m_Enabled: 1
  m_CastShadows: 0
  m_ReceiveShadows: 0
  m_LightmapIndex: 255
  m_LightmapTilingOffset: {x: 1, y: 1, z: 0, w: 0}
  m_Materials:
  - {fileID: 10754, guid: 0000000000000000e000000000000000, type: 0}
  m_SubsetIndices: 
  m_StaticBatchRoot: {fileID: 0}
  m_UseLightProbes: 0
  m_LightProbeAnchor: {fileID: 0}
  m_ScaleInLightmap: 1
  m_SortingLayerID: 0
  m_SortingOrder: 0
  m_Sprite: {fileID: 21300000, guid: a3219585bc6764f69b3f5e608646c0b3, type: 3}
  m_Color: {r: 1, g: 1, b: 1, a: 1}
--- !u!61 &1006543040
BoxCollider2D:
  m_ObjectHideFlags: 0
  m_PrefabParentObject: {fileID: 6100014, guid: fd20e9a55edcc49d3aa1eff2b3ae5905,
    type: 2}
  m_PrefabInternal: {fileID: 1253097189}
  m_GameObject: {fileID: 1006543037}
  m_Enabled: 1
  m_Material: {fileID: 0}
  m_IsTrigger: 0
  m_Size: {x: 8.81000042, y: .0500000007}
  m_Center: {x: .300000012, y: 1.19000006}
--- !u!1 &1099246742
GameObject:
  m_ObjectHideFlags: 0
  m_PrefabParentObject: {fileID: 100026, guid: fd20e9a55edcc49d3aa1eff2b3ae5905, type: 2}
  m_PrefabInternal: {fileID: 1253097189}
  serializedVersion: 4
  m_Component:
  - 4: {fileID: 1099246743}
  m_Layer: 0
  m_Name: Level
  m_TagString: Untagged
  m_Icon: {fileID: 0}
  m_NavMeshLayer: 0
  m_StaticEditorFlags: 0
  m_IsActive: 1
--- !u!4 &1099246743
Transform:
  m_ObjectHideFlags: 0
  m_PrefabParentObject: {fileID: 400026, guid: fd20e9a55edcc49d3aa1eff2b3ae5905, type: 2}
  m_PrefabInternal: {fileID: 1253097189}
  m_GameObject: {fileID: 1099246742}
  m_LocalRotation: {x: 0, y: 0, z: 0, w: 1}
  m_LocalPosition: {x: 0, y: 0, z: 0}
  m_LocalScale: {x: 1, y: 1, z: 1}
  m_Children:
  - {fileID: 809111804}
  - {fileID: 492008078}
  - {fileID: 914894678}
  m_Father: {fileID: 0}
  m_RootOrder: 3
--- !u!1 &1112279714
GameObject:
  m_ObjectHideFlags: 0
  m_PrefabParentObject: {fileID: 100028, guid: fd20e9a55edcc49d3aa1eff2b3ae5905, type: 2}
  m_PrefabInternal: {fileID: 1253097189}
  serializedVersion: 4
  m_Component:
  - 4: {fileID: 1112279715}
  - 114: {fileID: 1112279716}
  m_Layer: 0
  m_Name: SpawnerTopLeft
  m_TagString: Untagged
  m_Icon: {fileID: 0}
  m_NavMeshLayer: 0
  m_StaticEditorFlags: 0
  m_IsActive: 1
--- !u!4 &1112279715
Transform:
  m_ObjectHideFlags: 0
  m_PrefabParentObject: {fileID: 400028, guid: fd20e9a55edcc49d3aa1eff2b3ae5905, type: 2}
  m_PrefabInternal: {fileID: 1253097189}
  m_GameObject: {fileID: 1112279714}
  m_LocalRotation: {x: 0, y: 0, z: 0, w: 1}
  m_LocalPosition: {x: -9.44903946, y: 8.20381737, z: 0}
  m_LocalScale: {x: 1, y: 1, z: 1}
  m_Children: []
  m_Father: {fileID: 809111804}
  m_RootOrder: 2
--- !u!114 &1112279716
MonoBehaviour:
  m_ObjectHideFlags: 0
  m_PrefabParentObject: {fileID: 11400012, guid: fd20e9a55edcc49d3aa1eff2b3ae5905,
    type: 2}
  m_PrefabInternal: {fileID: 1253097189}
  m_GameObject: {fileID: 1112279714}
  m_Enabled: 1
  m_EditorHideFlags: 0
  m_Script: {fileID: 11500000, guid: cd34f8c597009054aa55b933d734aa46, type: 3}
  m_Name: 
  m_EditorClassIdentifier: 
  spawnTime: 5
  spawnDelay: 2
  enemies:
  - {fileID: 100000, guid: 0a0ffadb36e116a4a809034201de5022, type: 2}
  - {fileID: 100000, guid: 4cbdc0ad47f034320844c1183d22c719, type: 2}
  - {fileID: 100000, guid: 0a0ffadb36e116a4a809034201de5022, type: 2}
--- !u!1 &1145269113
GameObject:
  m_ObjectHideFlags: 0
  m_PrefabParentObject: {fileID: 100032, guid: fd20e9a55edcc49d3aa1eff2b3ae5905, type: 2}
  m_PrefabInternal: {fileID: 1253097189}
  serializedVersion: 4
  m_Component:
  - 4: {fileID: 1145269114}
  - 212: {fileID: 1145269116}
  - 61: {fileID: 1145269115}
  m_Layer: 9
  m_Name: Platform2
  m_TagString: Untagged
  m_Icon: {fileID: 0}
  m_NavMeshLayer: 0
  m_StaticEditorFlags: 0
  m_IsActive: 1
--- !u!4 &1145269114
Transform:
  m_ObjectHideFlags: 0
  m_PrefabParentObject: {fileID: 400032, guid: fd20e9a55edcc49d3aa1eff2b3ae5905, type: 2}
  m_PrefabInternal: {fileID: 1253097189}
  m_GameObject: {fileID: 1145269113}
  m_LocalRotation: {x: 0, y: 0, z: 0, w: 1}
  m_LocalPosition: {x: 37.8668404, y: -14.6741734, z: 0}
  m_LocalScale: {x: 1.28266811, y: 1.28266716, z: 1}
  m_Children: []
  m_Father: {fileID: 914894678}
  m_RootOrder: 9
--- !u!61 &1145269115
BoxCollider2D:
  m_ObjectHideFlags: 0
  m_PrefabParentObject: {fileID: 6100016, guid: fd20e9a55edcc49d3aa1eff2b3ae5905,
    type: 2}
  m_PrefabInternal: {fileID: 1253097189}
  m_GameObject: {fileID: 1145269113}
  m_Enabled: 1
  m_Material: {fileID: 0}
  m_IsTrigger: 0
  m_Size: {x: 8.02999973, y: .0500000007}
  m_Center: {x: 0, y: 1.79999995}
--- !u!212 &1145269116
SpriteRenderer:
  m_ObjectHideFlags: 0
  m_PrefabParentObject: {fileID: 21200020, guid: fd20e9a55edcc49d3aa1eff2b3ae5905,
    type: 2}
  m_PrefabInternal: {fileID: 1253097189}
  m_GameObject: {fileID: 1145269113}
  m_Enabled: 1
  m_CastShadows: 0
  m_ReceiveShadows: 0
  m_LightmapIndex: 255
  m_LightmapTilingOffset: {x: 1, y: 1, z: 0, w: 0}
  m_Materials:
  - {fileID: 10754, guid: 0000000000000000e000000000000000, type: 0}
  m_SubsetIndices: 
  m_StaticBatchRoot: {fileID: 0}
  m_UseLightProbes: 0
  m_LightProbeAnchor: {fileID: 0}
  m_ScaleInLightmap: 1
  m_SortingLayerID: 0
  m_SortingOrder: 0
  m_Sprite: {fileID: 21300002, guid: a3219585bc6764f69b3f5e608646c0b3, type: 3}
  m_Color: {r: 1, g: 1, b: 1, a: 1}
--- !u!1001 &1253097189
Prefab:
  m_ObjectHideFlags: 0
  serializedVersion: 2
  m_Modification:
    m_TransformParent: {fileID: 0}
    m_Modifications:
    - target: {fileID: 400026, guid: fd20e9a55edcc49d3aa1eff2b3ae5905, type: 2}
      propertyPath: m_LocalPosition.x
      value: 0
      objectReference: {fileID: 0}
    - target: {fileID: 400026, guid: fd20e9a55edcc49d3aa1eff2b3ae5905, type: 2}
      propertyPath: m_LocalPosition.y
      value: 0
      objectReference: {fileID: 0}
    - target: {fileID: 400026, guid: fd20e9a55edcc49d3aa1eff2b3ae5905, type: 2}
      propertyPath: m_LocalPosition.z
      value: 0
      objectReference: {fileID: 0}
    - target: {fileID: 400026, guid: fd20e9a55edcc49d3aa1eff2b3ae5905, type: 2}
      propertyPath: m_LocalRotation.x
      value: 0
      objectReference: {fileID: 0}
    - target: {fileID: 400026, guid: fd20e9a55edcc49d3aa1eff2b3ae5905, type: 2}
      propertyPath: m_LocalRotation.y
      value: 0
      objectReference: {fileID: 0}
    - target: {fileID: 400026, guid: fd20e9a55edcc49d3aa1eff2b3ae5905, type: 2}
      propertyPath: m_LocalRotation.z
      value: 0
      objectReference: {fileID: 0}
    - target: {fileID: 400026, guid: fd20e9a55edcc49d3aa1eff2b3ae5905, type: 2}
      propertyPath: m_LocalRotation.w
      value: 1
      objectReference: {fileID: 0}
    - target: {fileID: 400026, guid: fd20e9a55edcc49d3aa1eff2b3ae5905, type: 2}
      propertyPath: m_RootOrder
      value: 3
      objectReference: {fileID: 0}
    - target: {fileID: 400046, guid: fd20e9a55edcc49d3aa1eff2b3ae5905, type: 2}
      propertyPath: m_LocalPosition.x
      value: -.0577901229
      objectReference: {fileID: 0}
    - target: {fileID: 400046, guid: fd20e9a55edcc49d3aa1eff2b3ae5905, type: 2}
      propertyPath: m_LocalPosition.y
      value: -.583587646
      objectReference: {fileID: 0}
    - target: {fileID: 11400018, guid: fd20e9a55edcc49d3aa1eff2b3ae5905, type: 2}
      propertyPath: groundRadius
      value: .300000012
      objectReference: {fileID: 0}
    - target: {fileID: 6100012, guid: fd20e9a55edcc49d3aa1eff2b3ae5905, type: 2}
      propertyPath: m_Center.y
      value: 2.01999998
      objectReference: {fileID: 0}
    - target: {fileID: 6100026, guid: fd20e9a55edcc49d3aa1eff2b3ae5905, type: 2}
      propertyPath: m_Size.y
      value: .0500000007
      objectReference: {fileID: 0}
    - target: {fileID: 6100012, guid: fd20e9a55edcc49d3aa1eff2b3ae5905, type: 2}
      propertyPath: m_Size.y
      value: .0500000007
      objectReference: {fileID: 0}
    - target: {fileID: 6100006, guid: fd20e9a55edcc49d3aa1eff2b3ae5905, type: 2}
      propertyPath: m_Size.y
      value: .0500000007
      objectReference: {fileID: 0}
    - target: {fileID: 6100002, guid: fd20e9a55edcc49d3aa1eff2b3ae5905, type: 2}
      propertyPath: m_Size.y
      value: .0599999987
      objectReference: {fileID: 0}
    - target: {fileID: 6100002, guid: fd20e9a55edcc49d3aa1eff2b3ae5905, type: 2}
      propertyPath: m_IsTrigger
      value: 0
      objectReference: {fileID: 0}
    - target: {fileID: 6100018, guid: fd20e9a55edcc49d3aa1eff2b3ae5905, type: 2}
      propertyPath: m_Size.y
      value: .0500000007
      objectReference: {fileID: 0}
    - target: {fileID: 6100000, guid: fd20e9a55edcc49d3aa1eff2b3ae5905, type: 2}
      propertyPath: m_Size.y
      value: .0500000007
      objectReference: {fileID: 0}
    - target: {fileID: 6100008, guid: fd20e9a55edcc49d3aa1eff2b3ae5905, type: 2}
      propertyPath: m_Size.y
      value: .0500000007
      objectReference: {fileID: 0}
    - target: {fileID: 6100016, guid: fd20e9a55edcc49d3aa1eff2b3ae5905, type: 2}
      propertyPath: m_Size.y
      value: .0500000007
      objectReference: {fileID: 0}
    - target: {fileID: 6100014, guid: fd20e9a55edcc49d3aa1eff2b3ae5905, type: 2}
      propertyPath: m_Size.y
      value: .0500000007
      objectReference: {fileID: 0}
    - target: {fileID: 6100010, guid: fd20e9a55edcc49d3aa1eff2b3ae5905, type: 2}
      propertyPath: m_Size.y
      value: .0599999987
      objectReference: {fileID: 0}
    - target: {fileID: 6100022, guid: fd20e9a55edcc49d3aa1eff2b3ae5905, type: 2}
      propertyPath: m_Size.y
      value: .0599999987
      objectReference: {fileID: 0}
    - target: {fileID: 6100024, guid: fd20e9a55edcc49d3aa1eff2b3ae5905, type: 2}
      propertyPath: m_Size.y
      value: .0500000007
      objectReference: {fileID: 0}
    - target: {fileID: 400020, guid: fd20e9a55edcc49d3aa1eff2b3ae5905, type: 2}
      propertyPath: m_LocalPosition.x
      value: 7.99368858
      objectReference: {fileID: 0}
    - target: {fileID: 400020, guid: fd20e9a55edcc49d3aa1eff2b3ae5905, type: 2}
      propertyPath: m_LocalPosition.y
      value: -.494465888
      objectReference: {fileID: 0}
    - target: {fileID: 11400018, guid: fd20e9a55edcc49d3aa1eff2b3ae5905, type: 2}
      propertyPath: maxJumpForce
      value: 550
      objectReference: {fileID: 0}
    - target: {fileID: 100028, guid: fd20e9a55edcc49d3aa1eff2b3ae5905, type: 2}
      propertyPath: m_IsActive
      value: 1
      objectReference: {fileID: 0}
    - target: {fileID: 100036, guid: fd20e9a55edcc49d3aa1eff2b3ae5905, type: 2}
      propertyPath: m_IsActive
      value: 1
      objectReference: {fileID: 0}
    - target: {fileID: 100042, guid: fd20e9a55edcc49d3aa1eff2b3ae5905, type: 2}
      propertyPath: m_IsActive
      value: 1
      objectReference: {fileID: 0}
    m_RemovedComponents: []
  m_ParentPrefab: {fileID: 100100000, guid: fd20e9a55edcc49d3aa1eff2b3ae5905, type: 2}
  m_RootGameObject: {fileID: 1099246742}
  m_IsPrefabParent: 0
  m_IsExploded: 1
--- !u!1 &1338082919
GameObject:
  m_ObjectHideFlags: 0
  m_PrefabParentObject: {fileID: 100034, guid: fd20e9a55edcc49d3aa1eff2b3ae5905, type: 2}
  m_PrefabInternal: {fileID: 1253097189}
  serializedVersion: 4
  m_Component:
  - 4: {fileID: 1338082921}
  - 212: {fileID: 1338082920}
  - 61: {fileID: 1338082922}
  m_Layer: 9
  m_Name: Platform1
  m_TagString: Untagged
  m_Icon: {fileID: 0}
  m_NavMeshLayer: 0
  m_StaticEditorFlags: 0
  m_IsActive: 1
--- !u!212 &1338082920
SpriteRenderer:
  m_ObjectHideFlags: 0
  m_PrefabParentObject: {fileID: 21200022, guid: fd20e9a55edcc49d3aa1eff2b3ae5905,
    type: 2}
  m_PrefabInternal: {fileID: 1253097189}
  m_GameObject: {fileID: 1338082919}
  m_Enabled: 1
  m_CastShadows: 0
  m_ReceiveShadows: 0
  m_LightmapIndex: 255
  m_LightmapTilingOffset: {x: 1, y: 1, z: 0, w: 0}
  m_Materials:
  - {fileID: 10754, guid: 0000000000000000e000000000000000, type: 0}
  m_SubsetIndices: 
  m_StaticBatchRoot: {fileID: 0}
  m_UseLightProbes: 0
  m_LightProbeAnchor: {fileID: 0}
  m_ScaleInLightmap: 1
  m_SortingLayerID: 0
  m_SortingOrder: 0
  m_Sprite: {fileID: 21300000, guid: a3219585bc6764f69b3f5e608646c0b3, type: 3}
  m_Color: {r: 1, g: 1, b: 1, a: 1}
--- !u!4 &1338082921
Transform:
  m_ObjectHideFlags: 0
  m_PrefabParentObject: {fileID: 400034, guid: fd20e9a55edcc49d3aa1eff2b3ae5905, type: 2}
  m_PrefabInternal: {fileID: 1253097189}
  m_GameObject: {fileID: 1338082919}
  m_LocalRotation: {x: 0, y: 0, z: 0, w: 1}
  m_LocalPosition: {x: 5.07895803, y: -8.14714432, z: 0}
  m_LocalScale: {x: 1, y: 1, z: 1}
  m_Children: []
  m_Father: {fileID: 914894678}
  m_RootOrder: 3
--- !u!61 &1338082922
BoxCollider2D:
  m_ObjectHideFlags: 0
  m_PrefabParentObject: {fileID: 6100018, guid: fd20e9a55edcc49d3aa1eff2b3ae5905,
    type: 2}
  m_PrefabInternal: {fileID: 1253097189}
  m_GameObject: {fileID: 1338082919}
  m_Enabled: 1
  m_Material: {fileID: 0}
  m_IsTrigger: 0
  m_Size: {x: 8.81000042, y: .0500000007}
  m_Center: {x: .300000012, y: 1.19000006}
--- !u!1 &1440222233
GameObject:
  m_ObjectHideFlags: 0
  m_PrefabParentObject: {fileID: 100036, guid: fd20e9a55edcc49d3aa1eff2b3ae5905, type: 2}
  m_PrefabInternal: {fileID: 1253097189}
  serializedVersion: 4
  m_Component:
  - 4: {fileID: 1440222234}
  - 114: {fileID: 1440222235}
  m_Layer: 0
  m_Name: SpawnerBottomCenter
  m_TagString: Untagged
  m_Icon: {fileID: 0}
  m_NavMeshLayer: 0
  m_StaticEditorFlags: 0
  m_IsActive: 1
--- !u!4 &1440222234
Transform:
  m_ObjectHideFlags: 0
  m_PrefabParentObject: {fileID: 400036, guid: fd20e9a55edcc49d3aa1eff2b3ae5905, type: 2}
  m_PrefabInternal: {fileID: 1253097189}
  m_GameObject: {fileID: 1440222233}
  m_LocalRotation: {x: 0, y: 0, z: 0, w: 1}
  m_LocalPosition: {x: 18.3669834, y: -17.0654945, z: 0}
  m_LocalScale: {x: 1, y: 1, z: 1}
  m_Children: []
  m_Father: {fileID: 809111804}
  m_RootOrder: 3
--- !u!114 &1440222235
MonoBehaviour:
  m_ObjectHideFlags: 0
  m_PrefabParentObject: {fileID: 11400016, guid: fd20e9a55edcc49d3aa1eff2b3ae5905,
    type: 2}
  m_PrefabInternal: {fileID: 1253097189}
  m_GameObject: {fileID: 1440222233}
  m_Enabled: 1
  m_EditorHideFlags: 0
  m_Script: {fileID: 11500000, guid: cd34f8c597009054aa55b933d734aa46, type: 3}
  m_Name: 
  m_EditorClassIdentifier: 
  spawnTime: 5
  spawnDelay: 2
  enemies:
  - {fileID: 100000, guid: 0a0ffadb36e116a4a809034201de5022, type: 2}
  - {fileID: 100000, guid: 4cbdc0ad47f034320844c1183d22c719, type: 2}
  - {fileID: 100000, guid: 0a0ffadb36e116a4a809034201de5022, type: 2}
--- !u!1 &1553729061
GameObject:
  m_ObjectHideFlags: 0
  m_PrefabParentObject: {fileID: 0}
  m_PrefabInternal: {fileID: 0}
  serializedVersion: 4
  m_Component:
  - 4: {fileID: 1553729066}
  - 20: {fileID: 1553729065}
  - 92: {fileID: 1553729064}
  - 124: {fileID: 1553729063}
  - 81: {fileID: 1553729062}
  - 95: {fileID: 1553729068}
  - 212: {fileID: 1553729067}
  - 114: {fileID: 1553729069}
  m_Layer: 0
  m_Name: Main Camera
  m_TagString: MainCamera
  m_Icon: {fileID: 0}
  m_NavMeshLayer: 0
  m_StaticEditorFlags: 0
  m_IsActive: 1
--- !u!81 &1553729062
AudioListener:
  m_ObjectHideFlags: 0
  m_PrefabParentObject: {fileID: 0}
  m_PrefabInternal: {fileID: 0}
  m_GameObject: {fileID: 1553729061}
  m_Enabled: 1
--- !u!124 &1553729063
Behaviour:
  m_ObjectHideFlags: 0
  m_PrefabParentObject: {fileID: 0}
  m_PrefabInternal: {fileID: 0}
  m_GameObject: {fileID: 1553729061}
  m_Enabled: 1
--- !u!92 &1553729064
Behaviour:
  m_ObjectHideFlags: 0
  m_PrefabParentObject: {fileID: 0}
  m_PrefabInternal: {fileID: 0}
  m_GameObject: {fileID: 1553729061}
  m_Enabled: 1
--- !u!20 &1553729065
Camera:
  m_ObjectHideFlags: 0
  m_PrefabParentObject: {fileID: 0}
  m_PrefabInternal: {fileID: 0}
  m_GameObject: {fileID: 1553729061}
  m_Enabled: 1
  serializedVersion: 2
  m_ClearFlags: 1
  m_BackGroundColor: {r: .192156866, g: .301960796, b: .474509805, a: .0196078438}
  m_NormalizedViewPortRect:
    serializedVersion: 2
    x: 0
    y: 0
    width: 1
    height: 1
  near clip plane: .300000012
  far clip plane: 1000
  field of view: 60
  orthographic: 1
  orthographic size: 8
  m_Depth: -1
  m_CullingMask:
    serializedVersion: 2
    m_Bits: 4294967295
  m_RenderingPath: -1
  m_TargetTexture: {fileID: 0}
  m_TargetDisplay: 0
  m_HDR: 0
  m_OcclusionCulling: 1
  m_StereoConvergence: 10
  m_StereoSeparation: .0219999999
--- !u!4 &1553729066
Transform:
  m_ObjectHideFlags: 0
  m_PrefabParentObject: {fileID: 0}
  m_PrefabInternal: {fileID: 0}
  m_GameObject: {fileID: 1553729061}
  m_LocalRotation: {x: 0, y: 0, z: 0, w: 1}
  m_LocalPosition: {x: 0, y: 0, z: 0}
  m_LocalScale: {x: 1, y: 1, z: 1}
  m_Children: []
  m_Father: {fileID: 917831794}
  m_RootOrder: 0
--- !u!212 &1553729067
SpriteRenderer:
  m_ObjectHideFlags: 0
  m_PrefabParentObject: {fileID: 0}
  m_PrefabInternal: {fileID: 0}
  m_GameObject: {fileID: 1553729061}
  m_Enabled: 1
  m_CastShadows: 0
  m_ReceiveShadows: 0
  m_LightmapIndex: 255
  m_LightmapTilingOffset: {x: 1, y: 1, z: 0, w: 0}
  m_Materials:
  - {fileID: 10754, guid: 0000000000000000e000000000000000, type: 0}
  m_SubsetIndices: 
  m_StaticBatchRoot: {fileID: 0}
  m_UseLightProbes: 0
  m_LightProbeAnchor: {fileID: 0}
  m_ScaleInLightmap: 1
  m_SortingLayerID: 0
  m_SortingOrder: 0
  m_Sprite: {fileID: 0}
  m_Color: {r: 1, g: 1, b: 1, a: 1}
--- !u!95 &1553729068
Animator:
  serializedVersion: 3
  m_ObjectHideFlags: 0
  m_PrefabParentObject: {fileID: 0}
  m_PrefabInternal: {fileID: 0}
  m_GameObject: {fileID: 1553729061}
  m_Enabled: 1
  m_Avatar: {fileID: 0}
  m_Controller: {fileID: 9100000, guid: f027561e2e01b4a14bb2d2a4b63e1de3, type: 2}
  m_CullingMode: 0
  m_UpdateMode: 0
  m_ApplyRootMotion: 1
  m_HasTransformHierarchy: 1
  m_AllowConstantClipSamplingOptimization: 1
--- !u!114 &1553729069
MonoBehaviour:
  m_ObjectHideFlags: 0
  m_PrefabParentObject: {fileID: 0}
  m_PrefabInternal: {fileID: 0}
  m_GameObject: {fileID: 1553729061}
  m_Enabled: 1
  m_EditorHideFlags: 0
  m_Script: {fileID: 11500000, guid: a80acf5deb95e4471b4ba45fc44dca4d, type: 3}
  m_Name: 
  m_EditorClassIdentifier: 
  target: {fileID: 1636733413}
  distance: 10
  height: 0
  damping: 10
--- !u!1 &1554971770
GameObject:
  m_ObjectHideFlags: 0
  m_PrefabParentObject: {fileID: 0}
  m_PrefabInternal: {fileID: 0}
  serializedVersion: 4
  m_Component:
  - 4: {fileID: 1554971771}
  - 114: {fileID: 1554971772}
  - 114: {fileID: 1554971774}
  - 114: {fileID: 1554971773}
  - 114: {fileID: 1554971775}
  m_Layer: 0
  m_Name: Scripts
  m_TagString: Untagged
  m_Icon: {fileID: 0}
  m_NavMeshLayer: 0
  m_StaticEditorFlags: 0
  m_IsActive: 1
--- !u!4 &1554971771
Transform:
  m_ObjectHideFlags: 0
  m_PrefabParentObject: {fileID: 0}
  m_PrefabInternal: {fileID: 0}
  m_GameObject: {fileID: 1554971770}
  m_LocalRotation: {x: 0, y: 0, z: 0, w: 1}
  m_LocalPosition: {x: 0, y: 0, z: 0}
  m_LocalScale: {x: 1, y: 1, z: 1}
  m_Children: []
  m_Father: {fileID: 0}
  m_RootOrder: 2
--- !u!114 &1554971772
MonoBehaviour:
  m_ObjectHideFlags: 0
  m_PrefabParentObject: {fileID: 0}
  m_PrefabInternal: {fileID: 0}
  m_GameObject: {fileID: 1554971770}
  m_Enabled: 1
  m_EditorHideFlags: 0
  m_Script: {fileID: 11500000, guid: 87abd9c47b2a2b946af43bfc3d9ed937, type: 3}
  m_Name: 
  m_EditorClassIdentifier: 
  explosionSound: {fileID: 8300000, guid: a85f89c8c8a0c1440815b5bfce413a63, type: 3}
  playerShotSound: {fileID: 8300000, guid: c704a699f921b2a459ae3876d7ab8d57, type: 3}
  enemyShotSound: {fileID: 8300000, guid: 1264cbc91c8f89947ae5cd3921d694c2, type: 3}
  rocketSound: {fileID: 8300000, guid: fa97d68532e5ed1468c81b46270e6a5b, type: 3}
--- !u!114 &1554971773
MonoBehaviour:
  m_ObjectHideFlags: 0
  m_PrefabParentObject: {fileID: 0}
  m_PrefabInternal: {fileID: 0}
  m_GameObject: {fileID: 1554971770}
  m_Enabled: 1
  m_EditorHideFlags: 0
  m_Script: {fileID: 11500000, guid: 0625f0b9231ec6f41a51cd70ccc5e639, type: 3}
  m_Name: 
  m_EditorClassIdentifier: 
  smokeEffect: {fileID: 19800000, guid: 60276b7c61f96b54e9b69ccf1edc8f7f, type: 2}
  fireEffect: {fileID: 19800000, guid: b01715668f8939d4b9447dc13d42ea32, type: 2}
  bigSmokeEffect: {fileID: 19800000, guid: 40376b9a8d97c43759d2faedf97c4c85, type: 2}
  effectsCollider: {fileID: 400000, guid: c9f9e5c3a5a09433c830a4d91e862f8e, type: 2}
--- !u!114 &1554971774
MonoBehaviour:
  m_ObjectHideFlags: 0
  m_PrefabParentObject: {fileID: 0}
  m_PrefabInternal: {fileID: 0}
  m_GameObject: {fileID: 1554971770}
  m_Enabled: 1
  m_EditorHideFlags: 0
  m_Script: {fileID: 11500000, guid: 79e0f55e4398cbf4a8c07b0a90ca34f9, type: 3}
  m_Name: 
  m_EditorClassIdentifier: 
  style:
    m_Name: Highscore Textfield
    m_Normal:
      m_Background: {fileID: 0}
      m_TextColor: {r: 0, g: 0, b: 0, a: 1}
    m_Hover:
      m_Background: {fileID: 0}
      m_TextColor: {r: 0, g: 0, b: 0, a: 1}
    m_Active:
      m_Background: {fileID: 0}
      m_TextColor: {r: 0, g: 0, b: 0, a: 1}
    m_Focused:
      m_Background: {fileID: 0}
      m_TextColor: {r: 0, g: 0, b: 0, a: 1}
    m_OnNormal:
      m_Background: {fileID: 0}
      m_TextColor: {r: 0, g: 0, b: 0, a: 1}
    m_OnHover:
      m_Background: {fileID: 0}
      m_TextColor: {r: 0, g: 0, b: 0, a: 1}
    m_OnActive:
      m_Background: {fileID: 0}
      m_TextColor: {r: 0, g: 0, b: 0, a: 1}
    m_OnFocused:
      m_Background: {fileID: 0}
      m_TextColor: {r: 0, g: 0, b: 0, a: 1}
    m_Border:
      m_Left: 1
      m_Right: 1
      m_Top: 1
      m_Bottom: 1
    m_Margin:
      m_Left: 0
      m_Right: 0
      m_Top: 0
      m_Bottom: 0
    m_Padding:
      m_Left: 0
      m_Right: 0
      m_Top: 0
      m_Bottom: 0
    m_Overflow:
      m_Left: 0
      m_Right: 0
      m_Top: 0
      m_Bottom: 0
    m_Font: {fileID: 10102, guid: 0000000000000000e000000000000000, type: 0}
    m_FontSize: 30
    m_FontStyle: 1
    m_Alignment: 4
    m_WordWrap: 0
    m_RichText: 0
    m_TextClipping: 0
    m_ImagePosition: 0
    m_ContentOffset: {x: 0, y: 0}
    m_FixedWidth: 0
    m_FixedHeight: 0
    m_StretchWidth: 1
    m_StretchHeight: 1
  texture: {fileID: 0}
--- !u!114 &1554971775
MonoBehaviour:
  m_ObjectHideFlags: 0
  m_PrefabParentObject: {fileID: 0}
  m_PrefabInternal: {fileID: 0}
  m_GameObject: {fileID: 1554971770}
  m_Enabled: 1
  m_EditorHideFlags: 0
  m_Script: {fileID: 11500000, guid: 7cb44da677c8a4d37acd03cb2d29b64b, type: 3}
  m_Name: 
  m_EditorClassIdentifier: 
  addScoreUrl: http://www.robotruckus.heyyoustudios.com/addscore.php?
  highscoreUrl: http://www.robotruckus.heyyoustudios.com/display.php
--- !u!1 &1636733412
GameObject:
  m_ObjectHideFlags: 0
  m_PrefabParentObject: {fileID: 100038, guid: fd20e9a55edcc49d3aa1eff2b3ae5905, type: 2}
  m_PrefabInternal: {fileID: 1253097189}
  serializedVersion: 4
  m_Component:
  - 4: {fileID: 1636733413}
  - 212: {fileID: 1636733417}
  - 50: {fileID: 1636733416}
  - 58: {fileID: 1636733415}
  - 61: {fileID: 1636733414}
  - 95: {fileID: 1636733418}
  - 114: {fileID: 1636733420}
  - 114: {fileID: 1636733419}
  - 114: {fileID: 1636733421}
  m_Layer: 8
  m_Name: Robot
  m_TagString: Player
  m_Icon: {fileID: 0}
  m_NavMeshLayer: 0
  m_StaticEditorFlags: 0
  m_IsActive: 1
--- !u!4 &1636733413
Transform:
  m_ObjectHideFlags: 0
  m_PrefabParentObject: {fileID: 400038, guid: fd20e9a55edcc49d3aa1eff2b3ae5905, type: 2}
  m_PrefabInternal: {fileID: 1253097189}
  m_GameObject: {fileID: 1636733412}
  m_LocalRotation: {x: 0, y: 0, z: 0, w: 1}
  m_LocalPosition: {x: 20.0188446, y: -9.39560795, z: .300000012}
  m_LocalScale: {x: 1.5, y: 1.5, z: 1}
  m_Children:
  - {fileID: 2045126520}
  m_Father: {fileID: 809111804}
  m_RootOrder: 0
--- !u!61 &1636733414
BoxCollider2D:
  m_ObjectHideFlags: 0
  m_PrefabParentObject: {fileID: 6100020, guid: fd20e9a55edcc49d3aa1eff2b3ae5905,
    type: 2}
  m_PrefabInternal: {fileID: 1253097189}
  m_GameObject: {fileID: 1636733412}
  m_Enabled: 1
  m_Material: {fileID: 0}
  m_IsTrigger: 0
  m_Size: {x: .519999981, y: .889999986}
  m_Center: {x: .0299999993, y: .0399999991}
--- !u!58 &1636733415
CircleCollider2D:
  m_ObjectHideFlags: 0
  m_PrefabParentObject: {fileID: 5800000, guid: fd20e9a55edcc49d3aa1eff2b3ae5905,
    type: 2}
  m_PrefabInternal: {fileID: 1253097189}
  m_GameObject: {fileID: 1636733412}
  m_Enabled: 1
  m_Material: {fileID: 0}
  m_IsTrigger: 0
  m_Radius: .159999996
  m_Center: {x: 0, y: -.519999981}
--- !u!50 &1636733416
Rigidbody2D:
  m_ObjectHideFlags: 0
  m_PrefabParentObject: {fileID: 5000002, guid: fd20e9a55edcc49d3aa1eff2b3ae5905,
    type: 2}
  m_PrefabInternal: {fileID: 1253097189}
  m_GameObject: {fileID: 1636733412}
  m_Mass: 1
  m_LinearDrag: 0
  m_AngularDrag: .0500000007
  m_GravityScale: 1
  m_FixedAngle: 1
  m_IsKinematic: 0
  m_Interpolate: 1
  m_SleepingMode: 1
  m_CollisionDetection: 0
--- !u!212 &1636733417
SpriteRenderer:
  m_ObjectHideFlags: 0
  m_PrefabParentObject: {fileID: 21200024, guid: fd20e9a55edcc49d3aa1eff2b3ae5905,
    type: 2}
  m_PrefabInternal: {fileID: 1253097189}
  m_GameObject: {fileID: 1636733412}
  m_Enabled: 1
  m_CastShadows: 0
  m_ReceiveShadows: 0
  m_LightmapIndex: 255
  m_LightmapTilingOffset: {x: 1, y: 1, z: 0, w: 0}
  m_Materials:
  - {fileID: 10754, guid: 0000000000000000e000000000000000, type: 0}
  m_SubsetIndices: 
  m_StaticBatchRoot: {fileID: 0}
  m_UseLightProbes: 0
  m_LightProbeAnchor: {fileID: 0}
  m_ScaleInLightmap: 1
  m_SortingLayerID: 0
  m_SortingOrder: 0
  m_Sprite: {fileID: 21300000, guid: 8fb98a6035269e64a998f9b56828fc4f, type: 3}
  m_Color: {r: 1, g: 1, b: 1, a: 1}
--- !u!95 &1636733418
Animator:
  serializedVersion: 3
  m_ObjectHideFlags: 0
  m_PrefabParentObject: {fileID: 9500000, guid: fd20e9a55edcc49d3aa1eff2b3ae5905,
    type: 2}
  m_PrefabInternal: {fileID: 1253097189}
  m_GameObject: {fileID: 1636733412}
  m_Enabled: 1
  m_Avatar: {fileID: 0}
  m_Controller: {fileID: 9100000, guid: d7fe2e4460a564ec19fbdf4467ec7a92, type: 2}
  m_CullingMode: 0
  m_UpdateMode: 1
  m_ApplyRootMotion: 0
  m_HasTransformHierarchy: 1
  m_AllowConstantClipSamplingOptimization: 1
--- !u!114 &1636733419
MonoBehaviour:
  m_ObjectHideFlags: 0
  m_PrefabParentObject: {fileID: 11400018, guid: fd20e9a55edcc49d3aa1eff2b3ae5905,
    type: 2}
  m_PrefabInternal: {fileID: 1253097189}
  m_GameObject: {fileID: 1636733412}
  m_Enabled: 1
  m_EditorHideFlags: 0
  m_Script: {fileID: 11500000, guid: 4d3fa2d7e5e574cdd8a0452b3939e960, type: 3}
  m_Name: 
  m_EditorClassIdentifier: 
  maxSpeed: 10
  facingRight: 1
  anim: {fileID: 0}
  speed: {x: 50, y: 50}
  movement: {x: 0, y: 0}
  grounded: 0
  groundCheck: {fileID: 2045126520}
  groundRadius: .300000012
  whatIsGround:
    serializedVersion: 2
    m_Bits: 4294967039
  maxJumpForce: 550
  minJumpForce: 0
  jumpForce: 2500
  currentJumpForce: 0
  jumping: 0
  time: 0
  maxTime: 1
--- !u!114 &1636733420
MonoBehaviour:
  m_ObjectHideFlags: 0
  m_PrefabParentObject: {fileID: 11400020, guid: fd20e9a55edcc49d3aa1eff2b3ae5905,
    type: 2}
  m_PrefabInternal: {fileID: 1253097189}
  m_GameObject: {fileID: 1636733412}
  m_Enabled: 1
  m_EditorHideFlags: 0
  m_Script: {fileID: 11500000, guid: f44865727e9734f1e812c46c0bad91a5, type: 3}
  m_Name: 
  m_EditorClassIdentifier: 
  hp: 1
  isEnemy: 0
--- !u!114 &1636733421
MonoBehaviour:
  m_ObjectHideFlags: 0
  m_PrefabParentObject: {fileID: 11400022, guid: fd20e9a55edcc49d3aa1eff2b3ae5905,
    type: 2}
  m_PrefabInternal: {fileID: 1253097189}
  m_GameObject: {fileID: 1636733412}
  m_Enabled: 1
  m_EditorHideFlags: 0
  m_Script: {fileID: 11500000, guid: c7abc7d29455b4931bac832bcb0c5be6, type: 3}
  m_Name: 
  m_EditorClassIdentifier: 
  currentWeapon: {fileID: 0}
  weapon1: {fileID: 400000, guid: 6902032e82676417c91bb1d98516c814, type: 2}
  weapon2: {fileID: 400000, guid: 897b5c241a02c4fee87bbe2a3a3e2beb, type: 2}
  weapon3: {fileID: 0}
  currentShootingRate: .00999999978
  weapon1ShootingRate: .100000001
  weapon2ShootingRate: 2
  weapon3ShootingRate: 1
  currentShootCooldown: 0
  weapon1ShootCooldown: 0
  weapon2ShootCooldown: 0
  weapon3ShootCooldown: 0
  isRocket: 0
--- !u!1 &1750960256
GameObject:
  m_ObjectHideFlags: 0
  m_PrefabParentObject: {fileID: 100040, guid: fd20e9a55edcc49d3aa1eff2b3ae5905, type: 2}
  m_PrefabInternal: {fileID: 1253097189}
  serializedVersion: 4
  m_Component:
  - 4: {fileID: 1750960257}
  - 212: {fileID: 1750960258}
  - 61: {fileID: 1750960259}
  m_Layer: 9
  m_Name: Platform2
  m_TagString: Untagged
  m_Icon: {fileID: 0}
  m_NavMeshLayer: 0
  m_StaticEditorFlags: 0
  m_IsActive: 1
--- !u!4 &1750960257
Transform:
  m_ObjectHideFlags: 0
  m_PrefabParentObject: {fileID: 400040, guid: fd20e9a55edcc49d3aa1eff2b3ae5905, type: 2}
  m_PrefabInternal: {fileID: 1253097189}
  m_GameObject: {fileID: 1750960256}
  m_LocalRotation: {x: 0, y: 0, z: 0, w: 1}
  m_LocalPosition: {x: 43.0781021, y: -2.14185047, z: 0}
  m_LocalScale: {x: 1, y: 1, z: 1}
  m_Children: []
  m_Father: {fileID: 914894678}
  m_RootOrder: 1
--- !u!212 &1750960258
SpriteRenderer:
  m_ObjectHideFlags: 0
  m_PrefabParentObject: {fileID: 21200026, guid: fd20e9a55edcc49d3aa1eff2b3ae5905,
    type: 2}
  m_PrefabInternal: {fileID: 1253097189}
  m_GameObject: {fileID: 1750960256}
  m_Enabled: 1
  m_CastShadows: 0
  m_ReceiveShadows: 0
  m_LightmapIndex: 255
  m_LightmapTilingOffset: {x: 1, y: 1, z: 0, w: 0}
  m_Materials:
  - {fileID: 10754, guid: 0000000000000000e000000000000000, type: 0}
  m_SubsetIndices: 
  m_StaticBatchRoot: {fileID: 0}
  m_UseLightProbes: 0
  m_LightProbeAnchor: {fileID: 0}
  m_ScaleInLightmap: 1
  m_SortingLayerID: 0
  m_SortingOrder: 0
  m_Sprite: {fileID: 21300002, guid: a3219585bc6764f69b3f5e608646c0b3, type: 3}
  m_Color: {r: 1, g: 1, b: 1, a: 1}
--- !u!61 &1750960259
BoxCollider2D:
  m_ObjectHideFlags: 0
  m_PrefabParentObject: {fileID: 6100022, guid: fd20e9a55edcc49d3aa1eff2b3ae5905,
    type: 2}
  m_PrefabInternal: {fileID: 1253097189}
  m_GameObject: {fileID: 1750960256}
  m_Enabled: 1
  m_Material: {fileID: 0}
  m_IsTrigger: 0
  m_Size: {x: 8.02999973, y: .0599999987}
  m_Center: {x: 0, y: 1.79999995}
--- !u!1 &1849494740
GameObject:
  m_ObjectHideFlags: 0
  m_PrefabParentObject: {fileID: 100042, guid: fd20e9a55edcc49d3aa1eff2b3ae5905, type: 2}
  m_PrefabInternal: {fileID: 1253097189}
  serializedVersion: 4
  m_Component:
  - 4: {fileID: 1849494741}
  - 114: {fileID: 1849494742}
  m_Layer: 0
  m_Name: SpawnerTopRight
  m_TagString: Untagged
  m_Icon: {fileID: 0}
  m_NavMeshLayer: 0
  m_StaticEditorFlags: 0
  m_IsActive: 1
--- !u!4 &1849494741
Transform:
  m_ObjectHideFlags: 0
  m_PrefabParentObject: {fileID: 400042, guid: fd20e9a55edcc49d3aa1eff2b3ae5905, type: 2}
  m_PrefabInternal: {fileID: 1253097189}
  m_GameObject: {fileID: 1849494740}
  m_LocalRotation: {x: 0, y: 0, z: 0, w: 1}
  m_LocalPosition: {x: 47.501152, y: 8.09829521, z: 0}
  m_LocalScale: {x: 1, y: 1, z: 1}
  m_Children: []
  m_Father: {fileID: 809111804}
  m_RootOrder: 1
--- !u!114 &1849494742
MonoBehaviour:
  m_ObjectHideFlags: 0
  m_PrefabParentObject: {fileID: 11400024, guid: fd20e9a55edcc49d3aa1eff2b3ae5905,
    type: 2}
  m_PrefabInternal: {fileID: 1253097189}
  m_GameObject: {fileID: 1849494740}
  m_Enabled: 1
  m_EditorHideFlags: 0
  m_Script: {fileID: 11500000, guid: cd34f8c597009054aa55b933d734aa46, type: 3}
  m_Name: 
  m_EditorClassIdentifier: 
  spawnTime: 5
  spawnDelay: 2
  enemies:
  - {fileID: 100000, guid: 0a0ffadb36e116a4a809034201de5022, type: 2}
  - {fileID: 100000, guid: 4cbdc0ad47f034320844c1183d22c719, type: 2}
  - {fileID: 100000, guid: 0a0ffadb36e116a4a809034201de5022, type: 2}
--- !u!1 &1883776217
GameObject:
  m_ObjectHideFlags: 0
  m_PrefabParentObject: {fileID: 100044, guid: fd20e9a55edcc49d3aa1eff2b3ae5905, type: 2}
  m_PrefabInternal: {fileID: 1253097189}
  serializedVersion: 4
  m_Component:
  - 4: {fileID: 1883776220}
  - 212: {fileID: 1883776219}
  - 61: {fileID: 1883776218}
  m_Layer: 9
  m_Name: Platform1
  m_TagString: Untagged
  m_Icon: {fileID: 0}
  m_NavMeshLayer: 0
  m_StaticEditorFlags: 0
  m_IsActive: 1
--- !u!61 &1883776218
BoxCollider2D:
  m_ObjectHideFlags: 0
  m_PrefabParentObject: {fileID: 6100024, guid: fd20e9a55edcc49d3aa1eff2b3ae5905,
    type: 2}
  m_PrefabInternal: {fileID: 1253097189}
  m_GameObject: {fileID: 1883776217}
  m_Enabled: 1
  m_Material: {fileID: 0}
  m_IsTrigger: 0
  m_Size: {x: 8.81000042, y: .0500000007}
  m_Center: {x: .300000012, y: 1.19000006}
--- !u!212 &1883776219
SpriteRenderer:
  m_ObjectHideFlags: 0
  m_PrefabParentObject: {fileID: 21200028, guid: fd20e9a55edcc49d3aa1eff2b3ae5905,
    type: 2}
  m_PrefabInternal: {fileID: 1253097189}
  m_GameObject: {fileID: 1883776217}
  m_Enabled: 1
  m_CastShadows: 0
  m_ReceiveShadows: 0
  m_LightmapIndex: 255
  m_LightmapTilingOffset: {x: 1, y: 1, z: 0, w: 0}
  m_Materials:
  - {fileID: 10754, guid: 0000000000000000e000000000000000, type: 0}
  m_SubsetIndices: 
  m_StaticBatchRoot: {fileID: 0}
  m_UseLightProbes: 0
  m_LightProbeAnchor: {fileID: 0}
  m_ScaleInLightmap: 1
  m_SortingLayerID: 0
  m_SortingOrder: 0
  m_Sprite: {fileID: 21300000, guid: a3219585bc6764f69b3f5e608646c0b3, type: 3}
  m_Color: {r: 1, g: 1, b: 1, a: 1}
--- !u!4 &1883776220
Transform:
  m_ObjectHideFlags: 0
  m_PrefabParentObject: {fileID: 400044, guid: fd20e9a55edcc49d3aa1eff2b3ae5905, type: 2}
  m_PrefabInternal: {fileID: 1253097189}
  m_GameObject: {fileID: 1883776217}
  m_LocalRotation: {x: 0, y: 0, z: 0, w: 1}
  m_LocalPosition: {x: 32.4915123, y: 3.94312191, z: 0}
  m_LocalScale: {x: 1, y: 1, z: 1}
  m_Children: []
  m_Father: {fileID: 914894678}
  m_RootOrder: 6
--- !u!1 &1938506323
GameObject:
  m_ObjectHideFlags: 0
  m_PrefabParentObject: {fileID: 0}
  m_PrefabInternal: {fileID: 0}
  serializedVersion: 4
  m_Component:
  - 4: {fileID: 1938506324}
  m_Layer: 0
  m_Name: GUI
  m_TagString: Untagged
  m_Icon: {fileID: 0}
  m_NavMeshLayer: 0
  m_StaticEditorFlags: 0
  m_IsActive: 1
--- !u!4 &1938506324
Transform:
  m_ObjectHideFlags: 0
  m_PrefabParentObject: {fileID: 0}
  m_PrefabInternal: {fileID: 0}
  m_GameObject: {fileID: 1938506323}
  m_LocalRotation: {x: 0, y: 0, z: 0, w: 1}
  m_LocalPosition: {x: 0, y: 0, z: 0}
  m_LocalScale: {x: 1, y: 1, z: 1}
  m_Children: []
  m_Father: {fileID: 0}
  m_RootOrder: 0
--- !u!1 &2045126519
GameObject:
  m_ObjectHideFlags: 0
  m_PrefabParentObject: {fileID: 100046, guid: fd20e9a55edcc49d3aa1eff2b3ae5905, type: 2}
  m_PrefabInternal: {fileID: 1253097189}
  serializedVersion: 4
  m_Component:
  - 4: {fileID: 2045126520}
  m_Layer: 8
  m_Name: GroundCheck
  m_TagString: Untagged
  m_Icon: {fileID: 266726316, guid: 0000000000000000d000000000000000, type: 0}
  m_NavMeshLayer: 0
  m_StaticEditorFlags: 0
  m_IsActive: 1
--- !u!4 &2045126520
Transform:
  m_ObjectHideFlags: 0
  m_PrefabParentObject: {fileID: 400046, guid: fd20e9a55edcc49d3aa1eff2b3ae5905, type: 2}
  m_PrefabInternal: {fileID: 1253097189}
  m_GameObject: {fileID: 2045126519}
  m_LocalRotation: {x: 0, y: 0, z: 0, w: 1}
  m_LocalPosition: {x: -.0577901229, y: -.583587646, z: 0}
  m_LocalScale: {x: 1, y: 1, z: 1}
  m_Children: []
  m_Father: {fileID: 1636733413}
  m_RootOrder: 0
--- !u!1 &2063482530
GameObject:
  m_ObjectHideFlags: 0
  m_PrefabParentObject: {fileID: 100048, guid: fd20e9a55edcc49d3aa1eff2b3ae5905, type: 2}
  m_PrefabInternal: {fileID: 1253097189}
  serializedVersion: 4
  m_Component:
  - 4: {fileID: 2063482531}
  - 212: {fileID: 2063482533}
  - 61: {fileID: 2063482532}
  m_Layer: 9
  m_Name: Platform1
  m_TagString: Untagged
  m_Icon: {fileID: 0}
  m_NavMeshLayer: 0
  m_StaticEditorFlags: 0
  m_IsActive: 1
--- !u!4 &2063482531
Transform:
  m_ObjectHideFlags: 0
  m_PrefabParentObject: {fileID: 400048, guid: fd20e9a55edcc49d3aa1eff2b3ae5905, type: 2}
  m_PrefabInternal: {fileID: 1253097189}
  m_GameObject: {fileID: 2063482530}
  m_LocalRotation: {x: 0, y: 0, z: 0, w: 1}
  m_LocalPosition: {x: 18.8028584, y: -4.11560154, z: 0}
  m_LocalScale: {x: 1, y: 1, z: 1}
  m_Children: []
  m_Father: {fileID: 914894678}
  m_RootOrder: 10
--- !u!61 &2063482532
BoxCollider2D:
  m_ObjectHideFlags: 0
  m_PrefabParentObject: {fileID: 6100026, guid: fd20e9a55edcc49d3aa1eff2b3ae5905,
    type: 2}
  m_PrefabInternal: {fileID: 1253097189}
  m_GameObject: {fileID: 2063482530}
  m_Enabled: 1
  m_Material: {fileID: 0}
  m_IsTrigger: 0
  m_Size: {x: 8.81000042, y: .0500000007}
  m_Center: {x: .300000012, y: 1.19000006}
--- !u!212 &2063482533
SpriteRenderer:
  m_ObjectHideFlags: 0
  m_PrefabParentObject: {fileID: 21200030, guid: fd20e9a55edcc49d3aa1eff2b3ae5905,
    type: 2}
  m_PrefabInternal: {fileID: 1253097189}
  m_GameObject: {fileID: 2063482530}
  m_Enabled: 1
  m_CastShadows: 0
  m_ReceiveShadows: 0
  m_LightmapIndex: 255
  m_LightmapTilingOffset: {x: 1, y: 1, z: 0, w: 0}
  m_Materials:
  - {fileID: 10754, guid: 0000000000000000e000000000000000, type: 0}
  m_SubsetIndices: 
  m_StaticBatchRoot: {fileID: 0}
  m_UseLightProbes: 0
  m_LightProbeAnchor: {fileID: 0}
  m_ScaleInLightmap: 1
  m_SortingLayerID: 0
  m_SortingOrder: 0
  m_Sprite: {fileID: 21300000, guid: a3219585bc6764f69b3f5e608646c0b3, type: 3}
  m_Color: {r: 1, g: 1, b: 1, a: 1}
